<?xml version="1.0" encoding="UTF-8"?><record xmlns="http://www.loc.gov/MARC21/slim" xmlns:cinclude="http://apache.org/cocoon/include/1.0" xmlns:zs="http://www.loc.gov/zing/srw/">
  <leader>00758nz  a2200205n  4500</leader>
  <controlfield tag="001">n  97102150 </controlfield>
  <controlfield tag="003">DLC</controlfield>
  <controlfield tag="005">19971008104620.5</controlfield>
  <controlfield tag="008">971008n| acaabaaa|          |a ana |||  </controlfield>
  <datafield tag="010" ind1=" " ind2=" ">
    <subfield code="a">n  97102150 </subfield>
  </datafield>
  <datafield tag="040" ind1=" " ind2=" ">
    <subfield code="a">DLC</subfield>
    <subfield code="c">DLC</subfield>
  </datafield>
  <datafield tag="130" ind1=" " ind2="0">
    <subfield code="a">Colección Educación y cultura</subfield>
  </datafield>
  <datafield tag="410" ind1="1" ind2="0">
    <subfield code="a">Jalisco (Mexico).</subfield>
    <subfield code="b">Secretaría de Educación y Cultura.</subfield>
    <subfield code="t">Colección Educación y cultura</subfield>
  </datafield>
  <datafield tag="430" ind1=" " ind2="0">
    <subfield code="a">Educación y cultura (Guadalajara, Mexico)</subfield>
  </datafield>
  <datafield tag="643" ind1=" " ind2=" ">
    <subfield code="a">Guadalajara, Jalisco, México</subfield>
    <subfield code="b">Ediciones de la Secretaría de Educación y Cultura del Gobierno de Jalisco, Dirección Técnica Editorial</subfield>
  </datafield>
  <datafield tag="644" ind1=" " ind2=" ">
    <subfield code="a">f</subfield>
    <subfield code="5">DLC</subfield>
  </datafield>
  <datafield tag="645" ind1=" " ind2=" ">
    <subfield code="a">t</subfield>
    <subfield code="5">DLC</subfield>
  </datafield>
  <datafield tag="646" ind1=" " ind2=" ">
    <subfield code="a">s</subfield>
    <subfield code="5">DLC</subfield>
  </datafield>
  <datafield tag="667" ind1=" " ind2=" ">
    <subfield code="a">Document</subfield>
  </datafield>
  <datafield tag="670" ind1=" " ind2=" ">
    <subfield code="a">Museo del Estado, 1990:</subfield>
    <subfield code="b">cover (Colección Educación y cultura)</subfield>
  </datafield>
</record>